%% A

@InProceedings{fidelius,
  title =        {Fidelius {Charm}: Isolating Unsafe {Rust} Code},
  author =       {Almohri, Hussain M.J. and Evans, David},
  booktitle =    {Proceedings of CODASPY 2018},
  year =         2018,
  organization = {ACM}
}

@inproceedings{servo-rust,
  author =       {Anderson, Brian and Bergstrom, Lars and Goregaokar,
                  Manish and Matthews, Josh and McAllister, Keegan and
                  Moffitt, Jack and Sapin, Simon},
  title =        {Engineering the {Servo} {Web} Browser Engine Using
                  Rust},
  booktitle =    {ICS 2016: SEIP},
  year =         2016,
  organization = {ACM}
}

@InProceedings{nacldroid,
  author =       {Athanasopoulos, Elias and Kemerlis, Vasileios P. and
                  Portokalidis, Georgios and Keromytis, Angelos D.},
  title =        {{NaClDroid}: Native Code Isolation for {Android}
                  Applications},
  booktitle =    {Proceedings of ESORICS 2016 (Volume~I)},
  year =         2016,
  publisher =    {Springer},
  volume =       9878,
  series =       {LNCS}
}

@article{sabelfeld2003ifc,
  title =        {Language-based information-flow security},
  author =       {Sabelfeld, Andrei and Myers, Andrew C},
  journal =      {IEEE Journal on Selected Areas in Communications},
  volume =       21,
  number =       1,
  year =         2003
}

@Misc{autocannon,
  key =          {autocannon},
  title =        {autocannon: fast {HTTP}/1.1 benchmarking tool written in {N}ode.js},
  howpublished = {
  \url{https://github.com/mcollina/autocannon}},
  year =         2016
}

@misc{cgmemtime,
  title = {{cgmemtime}},
  howpublished = {\url{https://github.com/gsauthof/cgmemtime}},
  author = {Georg Sauthoff},
  year = 2012,
}

%% B

@Misc{barth-et-al:chromium:08,
  author =       {Adam Barth and Collin Jackson and Charles Reis and
                  {the Google Chrome Team}},
  title =        {The Security Architecture of the {Chromium} Browser},
  howpublished = {Technical report},
  year =         2008
}

@inproceedings{dune,
  title =        {Dune: Safe User-level Access to Privileged {CPU}
                  Features},
  author =       {Belay, Adam and Bittau, Andrea and Mashtizadeh, Ali
                  Jos{\'e} and Terei, David and Mazi{\`e}res, David
                  and Kozyrakis, Christos},
  booktitle =    {OSDI},
  year =         2012,
  organization = {USENIX}
}

@InProceedings{bernstein:qmail:csaw07,
  author =       {Daniel J. Bernstein},
  title =        {Some Thoughts on Security after Ten Years of {Qmail}
                  1.0},
  booktitle =    {Proceedings of CSAW 2007},
  year =         2007,
  organization = {ACM}
}

@inproceedings{spin,
  author =       {Brian N. Bershad and Stefan Savage and Przemys{\l}aw
                  Pardyak and Emin G{\"u}n Sirer and Marc
                  E. Fiuczynski and David Becker and Craig Chambers
                  and Susan Eggers},
  title =        {Extensibility, Safety and Performance in the {SPIN}
                  Operating System},
  booktitle =    {Proceedings of SOSP 1995},
  year =         1995,
  organization = {ACM}
}

@article{rpc,
  title =        {Implementing Remote Procedure Calls},
  author =       {Birrell, Andrew D and Nelson, Bruce Jay},
  journal =      {ACM Transactions on Computer Systems},
  volume =       2,
  number =       1,
  year =         1984,
  publisher =    {ACM}
}

@InProceedings{wedge,
  title =        {Wedge: Splitting Applications into Reduced-Privilege
                  Compartments},
  author =       {Bittau, Andrea and Marchenko, Petr and Handley, Mark
                  and Karp, Brad},
  booktitle =    {NSDI},
  year =         2008,
  organization = {USENIX}
}

@Misc{google-sandboxed-api,
  author =       {Christian Blichmann and Robert Swiecki and {ISE
                  Sandboxing team}},
  title =        {Open-sourcing Sandboxed {API}},
  howpublished =
                  {
                  \url{https://security.googleblog.com/2019/03/open-sourcing-sandboxed-api.html}},
  year =         2019
}

@inproceedings{braden2016leakage,
  title =        {Leakage-Resilient Layout Randomization for Mobile
                  Devices},
  author =       {Braden, Kjell and Davi, Lucas and Liebchen,
                  Christopher and Sadeghi, Ahmad-Reza and Crane,
                  Stephen and Franz, Michael and Larsen, Per},
  booktitle =    {NDSS},
  year =         2016,
  organization = {Internet Society}
}

@misc{pwn2own2018,
  author =       {Chris Brook},
  title =        {Firefox, {Safari}, {Edge} All Fall at {Pwn2Own}
                  2018},
  howpublished = {
                  \url{https://digitalguardian.com/blog/firefox-safari-edge-all-fall-pwn2own-2018}},
  year =         2018,
}

@InProceedings{privtrans,
  title =        {Privtrans: Automatically partitioning programs for
                  privilege separation},
  author =       {Brumley, David and Song, Dawn},
  booktitle =    {Security},
  year =         2004,
  organization = {USENIX}
}

@InProceedings{aiken-kernel-ptr,
  title =        {Verifying the Safety of User Pointer Dereferences},
  author =       {Bugrara, Suhabe and Aiken, Alex},
  booktitle =    {S\&P},
  publisher =    {IEEE},
  year =         2008,
}

@Misc{libjpeg-rce,
  key =          {Bugzilla Bug 759802},
  title =        {({CVE-2012-2806}) Null-pointer execution/null out of
                  bounds write at libjpeg/jdmarker.c},
  howpublished = {
                  \url{https://bugzilla.mozilla.org/show_bug.cgi?id=759802}},
  year =         2012
}

@misc{bugzilla-1471535,
  key = {Bugzilla Bug 1471535},
  title = {Run all {MediaDataDecoder} in their own decoder process},
  howpublished = {
                  \url{https://bugzilla.mozilla.org/show_bug.cgi?id=1471535}},
  year = 2018
}

@misc{bugzilla-1506291,
  key =          {Bugzilla Bug 1506291},
  title =        {Linux sandboxing for the media decoder process
                  ({RDD})},
  howpublished = {
                  \url{https://bugzilla.mozilla.org/show_bug.cgi?id=1506291}},
  year =         2018
}

@Misc{bytecode-alliance,
  key =        {{Bytecode Alliance}},
  title =        {{Bytecode Alliance}},
  howpublished = {\url{https://bytecodealliance.org/press/formation}},
  year =         2019
}

%% C

@inproceedings{dataflow-integrity,
  author =       {Castro, Miguel and Costa, Manuel and Harris, Tim},
  title =        {Securing Software by Enforcing Data-flow Integrity},
  booktitle =    {Proceedings of OSDI 2006},
  year =         2006,
  organization = {USENIX}
}

@InProceedings{castro-et-al:bgi:sosp09,
  author =       {Miguel Castro and Jean-Philippe Martin and Marcus
                  Peinado and Periklis Akritidis and Austin Donnelly
                  and Manuel Costa and Paul Barham and Richard Black},
  title =        {Fast Byte-Granularity Software Fault Isolation},
  booktitle =    {Proceedings of SOSP 2009},
  year =         2009,
  organization = {ACM}
}

@Misc{skia-rce-1,
  key =          {Chromium Issue 850350},
  title =        {Security: stack-buffer-overflow in Break},
  howpublished = {
                  \url{https://bugs.chromium.org/p/chromium/issues/detail?id=850350}},
  year =         2019
}

@misc{site-isolation-chrome,
  key =          {Chromium Security},
  title =        {Site Isolation},
  howpublished = {
                  \url{https://www.chromium.org/Home/chromium-security/site-isolation}},
  year =         2019
}

@inproceedings{bmc,
  author =       {Clarke, Edmund and Kroening, Daniel and Lerda,
                  Flavio},
  title =        {A Tool for Checking {ANSI}-{C} Programs},
  booktitle =    {Proceedings of TACAS 2004},
  year =         2004,
  publisher =    {Springer},
}

@InProceedings{readactor,
  title =        {Readactor: Practical Code Randomization Resilient to
                  Memory Disclosure},
  author =       {Crane, Stephen and Liebchen, Christopher and
                  Homescu, Andrei and Davi, Lucas and Larsen, Per and
                  Sadeghi, Ahmad-Reza and Brunthaler, Stefan and
                  Franz, Michael},
  booktitle =    {S\&P},
  publisher =    {IEEE},
  year =         2015,
}

@Misc{cranelift-speedup,
  author = {Lars T Hansen},
  title  = {{Cranelift: Performance parity with Baldr on x86-64}},
  howpublished = {
  \url{https://bugzilla.mozilla.org/show_bug.cgi?id=1539399}},
  year =      2019,
}


%% D

@Misc{UXSS,
 author={Di Paola, Stefano and Fedon, Giorgio},
  title =     {Subverting {Ajax}},
  howpublished = {Presented at 23C3},
  year =      2006
}

%% F

@inproceedings{Singularity,
  title =        {Language support for fast and reliable message-based
                  communication in Singularity OS},
  author =       {F{\"a}hndrich, Manuel and Aiken, Mark and
                  Hawblitzel, Chris and Hodson, Orion and Hunt, Galen
                  and Larus, James R and Levi, Steven},
  key =          {Faehndrich},
  booktitle =    {Proceedings of EuroSys 2006},
  year =         2006,
  organization = {ACM}
}

@inproceedings{vx32,
  title =        {Vx32: Lightweight User-level Sandboxing on the {x86}},
  author =       {Ford, Bryan and Cox, Russ},
  booktitle =    {Proceedings of USENIX ATC 2008},
  year =         2008,
  organization = {USENIX}
}

@phdthesis{cqual,
  title =        {Type qualifiers: lightweight specifications to
                  improve software quality},
  author =       {Foster, Jeffrey Scott},
  year =         2002,
  school =       {Berkeley}
}

@Misc{moz-blog,
  author = {Nathan Froyd},
  title  = {{Securing Firefox With WebAssembly}},
  howpublished = {
  \url{https://hacks.mozilla.org/2020/02/securing-firefox-with-webassembly/}},
  year =      2020,
}


%% G

@article{OP-browser,
  author =       {Grier, Chris and Tang, Shuo and King, Samuel T.},
  title =        {Designing and Implementing the {OP} and {OP2} {Web}
                  Browsers},
  journal =      {ACM Transactions on the Web},
  volume =       5,
  number =       2,
  year =         2011
}

@inproceedings{dart,
  author =       {Godefroid, Patrice and Klarlund, Nils and Sen,
                  Koushik},
  title =        {{DART}: Directed Automated Random Testing},
  booktitle =    {Proceedings of PLDI 2005},
  year =         2005,
  organization = {ACM}
}

@article{libvm,
  title =        {{LibVM}: an architecture for shared library
                  sandboxing},
  author =       {Goonasekera, Nuwan and Caelli, William and Fidge,
                  Colin},
  journal =      {Software: Practice and Experience},
  volume =       45,
  number =       12,
  year =         2015,
  publisher =    {Wiley}
}

@InProceedings{soaap,
  title =        {Clean application compartmentalization with SOAAP},
  author =       {Gudka, Khilan and Watson, Robert NM and Anderson,
                  Jonathan and Chisnall, David and Davis, Brooks and
                  Laurie, Ben and Marinos, Ilias and Neumann, Peter G
                  and Richardson, Alex},
  booktitle =    {CCS},
  year =         2015,
  organization = {ACM}
}

@Misc{nacl-deprecate,
  author =       {{Google Chrome Team}},
  title =        {{(P)NaCl Deprecation Announcements}},
  howpublished = {
  \url{https://developer.chrome.com/native-client/migration#p-nacl-deprecation-announcements}},
  year =         2017
}

@Misc{graphite-vulnlist-1,
  author =       {{Stefan Marsiske, Pierre Pronchery, Marcus Bointon}},
  title =        {{Penetration Test Report: Graphite font system}},
  howpublished = {
  \url{https://wiki.mozilla.org/images/9/98/Graphite-report.pdf}},
  year =         2017
}

@Misc{graphite-vulnlist-2,
  author =       {{Yves Younan}},
  title =        {{Vulnerability Spotlight: Libgraphite Font Processing 
  Vulnerabilities}},
  howpublished = {
  \url{https://blog.talosintelligence.com/2016/02/vulnerability-spotlight-libgraphite.html}},
  year =         2016
}
@Misc{graphite,
  key = {Graphite},
  title = {{Graphite - A free and open rendering engine for complex scripts}},
  howpublished = {\url{http://scripts.sil.org/RenderingGraphite}},
  year =         2012
}

@Misc{github-zero-cost,
  key = {zero cost},
  title = {{Optimized transitions for Lucet compiler}},
  howpublished = {
  \url{https://github.com/bytecodealliance/cranelift/issues/1083}},
  year = 2019
}

@InProceedings{deepak-popl20,
  title={The high-level benefits of low-level sandboxing},
  author={Sammler, Michael and Garg, Deepak and Dreyer, Derek and Litak, 
  Tadeusz},
  booktitle={POPL},
  year={2019},
  publisher={ACM}
}

%% H

@InProceedings{wasm,
  title =        {Bringing the web up to speed with WebAssembly},
  author =       {Haas, Andreas and Rossberg, Andreas and Schuff,
                  Derek L and Titzer, Ben L and Holman, Michael and
                  Gohman, Dan and Wagner, Luke and Zakai, Alon and
                  Bastien, JF},
  booktitle =    {PLDI},
  year =         2017,
  organization = {ACM}
}

@InProceedings{DUI,
  author =       {Hu, Hong and Chua, Zheng Leong and Liang, Zhenkai
                  and Saxena, Prateek},
  title =        {Identifying Arbitrary Memory Access Vulnerabilities
                  in Privilege-Separated Software},
  booktitle =    {ESORICS},
  year =         2015,
  publisher =    {Springer},
  volume =       9326,
  series =       {LNCS}
}

%% J

@InProceedings{jia-et-al:weblocal:ccs16,
  author =       {Yaoqi Jia and Zheng Leong Chua and Hong Hu and Shuo
                  Chen and Prateek Saxena and Zhenkai Liang},
  title =        {The ``{Web}/Local'' Boundary Is Fuzzy: A Security
                  Study of {Chrome}'s Process-Based Sandboxing},
  booktitle =    {CCS},
  year =         2016,
  organization = {ACM}
}

@inproceedings{cyclone,
  author =       {Jim, Trevor and Morrisett, Greg and Grossman, Dan
                  and Hicks, Michael and Cheney, James and Wang,
                  Yanling},
  title =        {Cyclone: A Safe Dialect of {C}},
  booktitle =    {Proceedings of USENIX ATC 2002},
  year =         2002,
  organization = {USENIX}
}

@inproceedings{cqual-kernel-ptr,
  title =        {Finding User/Kernel Pointer Bugs with Type
                  Inference},
  author =       {Johnson, Rob and Wagner, David},
  booktitle =    {Security},
  year =         2004,
  organization = {USENIX}
}

@inproceedings{not-so-fast,
  title={Not so fast: analyzing the performance of webassembly vs. native code},
  author={Jangda, Abhinav and Powers, Bobby and Berger, Emery D and Guha, 
  Arjun},
  booktitle =    {ATC},
  organization = {USENIX},
  year=2019
}

%% K

@inproceedings{privman,
  title =        {Privman: A Library for Partitioning Applications},
  author =       {Kilpatrick, Douglas},
  booktitle =    {ATC},
  year =         2003,
  organization = {USENIX}
}

@InProceedings {spectre,
  author =       {Paul Kocher and Jann Horn and Anders Fogh and Daniel
                  Genkin and Daniel Gruss and Werner Haas and Mike
                  Hamburg and Moritz Lipp and Stefan Mangard and
                  Thomas Prescher and Michael Schwarz and Yuval Yarom},
  title =        {Spectre Attacks: Exploiting Speculative Execution},
  booktitle =    {S\&P},
  publisher =    {IEEE},
  year =         2019,
}

@inproceedings{memsentry,
  author =       {Koning, Koen and Chen, Xi and Bos, Herbert and
                  Giuffrida, Cristiano and Athanasopoulos, Elias},
  title =        {No Need to Hide: Protecting Safe Regions on
                  Commodity Hardware},
  booktitle =    {EuroSys},
  year =         2017,
  organization = {ACM}
}

@TechReport{bakersfield,
  author =       {Joshua A. Kroll and Drew Dean},
  title =        {{BakerSFIeld}: Bringing Software Fault Isolation to
                  {x64}},
  institution =  {SRI Computer Science Laboratory},
  year =         2009
}

@inproceedings{psfi,
  title =        {Portable software fault isolation},
  author =       {Kroll, Joshua A. and Stewart, Gordon and Appel,
                  Andrew W.},
  booktitle =    {CSF},
  year =         2014,
  organization = {IEEE}
}

@misc{ffjsfuzz,
  title =        {{JavaScript} Fuzzing in {Mozilla}, 2017},
  author =       {Gary Kwong},
  howpublished = {Presented at COSCUP 2017.  
                  \url{https://nth10sd.github.io/js-fuzzing-in-mozilla/}},
  year =         2017,
}


%% L

@InProceedings{lamowski-et-al:sandcrust:plos17,
  author =       {Benjamin Lamowski and Carsten Weinhold and Adam
                  Lackorzynski and Hermann H{\"a}rtig},
  title =        {Sandcrust: Automatic Sandboxing of Unsafe Components
                  in {Rust}},
  booktitle =    {PLOS},
  year =         2017,
  organization = {ACM}
}

@inproceedings{ptrsplit,
  title =        {{PtrSplit}: Supporting General Pointers in Automatic
                  Program Partitioning},
  author =       {Liu, Shen and Tan, Gang and Jaeger, Trent},
  booktitle =    {CCS},
  year =         2017,
  organization = {ACM}
}

@inproceedings{ASLR-guard,
  author =       {Lu, Kangjie and Song, Chengyu and Lee, Byoungyoung
                  and Chung, Simon P. and Kim, Taesoo and Lee, Wenke},
  title =        {{ASLR}-{Guard}: Stopping Address Space Leakage for
                  Code Reuse Attacks},
  booktitle =    {CCS},
  year =         2015,
  organization = {ACM}  
}

%% M

@InProceedings{mao-et-al:lxfi:sosp11,
  author =       {Yandong Mao and Haogang Chen and Dong Zhou and Xi
                  Wang and Nickolai Zeldovich and M. Frans Kaashoek},
  title =        {Software Fault Isolation with {API} Integrity and
                  Multi-Principal Modules},
  booktitle =    {SOSP},
  year =         2011,
  organization = {ACM}
}

@InProceedings{pittsfield,
  author =       {McCamant, Stephen and Morrisett, Greg},
  title =        {Evaluating {SFI} for a {CISC} Architecture},
  booktitle =    {Security},
  year =         2006,
  publisher =    {USENIX}
}

@misc{moz-ipdl,
  key =          {{MDN} web docs},
  title =        {{IPDL} Tutorial},
  howpublished = {
                  \url{https://developer.mozilla.org/en-US/docs/Mozilla/IPDL/Tutorial}},
  year =         2019,
}

@InProceedings{rocksalt,
  author =       {Greg Morrisett and Gang Tan and Joseph Tassarotti
                  and Jean-Baptiste Tristan and Edward Gan},
  title =        {{RockSalt}: Better, Faster, Stronger {SFI} for the
                  {x86}},
  booktitle =    {PLDI},
  year =         2012,
  organization = {ACM}
}

@Misc{e10s,
  key =          {Mozilla Wiki},
  title =        {Electrolysis},
  howpublished = {\url{https://wiki.mozilla.org/Electrolysis}},
  year =         2018
}

@misc{firefox-talos,
  key =          {Mozilla Wiki},
  title =        {Performance Sheriffing/{Talos}},
  howpublished = {
                  \url{https://wiki.mozilla.org/Performance_sheriffing/Talos}},
  year =         2018,
}

@Misc{site-isolation-firefox,
  key =          {Mozilla Wiki},
  title =        {Project {F}ission},
  howpublished = {\url{https://wiki.mozilla.org/Project_Fission}},
  year =         2019,
}

@Misc{mozilla-sandbox,
  key =          {Mozilla Wiki},
  title =        {Security/Sandbox},
  howpublished = {
                  \url{https://wiki.mozilla.org/Security/Sandbox}},
  year =         2018
}

@inproceedings{disaggregation,
  title =        {Privilege separation made easy: trusting small
                  libraries not big processes},
  author =       {Murray, Derek G and Hand, Steven},
  booktitle =    {EuroSec},
  year =         2008,
  organization = {ACM}
}

@misc{mod_markdown,
  key =          {mod_markdown},
  title =        {Markdown filter module for Apache HTTPD Server},
  howpublished = {
  \url{https://github.com/hamano/apache-mod-markdown}},
  year =         2011,
}

%% N

@article{ccured,
  author =       {Necula, George C. and Condit, Jeremy and Harren,
                  Matthew and McPeak, Scott and Weimer, Westley},
  title =        {{CCured}: Type-safe Retrofitting of Legacy Software},
  journal =      {ACM Transactions on Programming Languages and
                  Systems},
  volume =       27,
  number =       3,
  year =         2005
}

@Misc{skia-rce-android,
  author =       {Shaun Nichols},
  title =        {It's 2019, and a {PNG} file can pwn your {Android}
                  Smartphone or Tablet: Patch Me If You Can},
  howpublished = {
                  \url{https://www.theregister.co.uk/2019/02/07/android_january_patches/}},
  year =         2019
}

@InProceedings{niu-tan:upro:stc12,
  author =       {Ben Niu and Gang Tan},
  title =        {Enforcing User-Space Privilege Separation with
                  Declarative Architectures},
  booktitle =    {Proceedings of STC 2012},
  year =         2012,
  organization = {ACM}
}

@Misc{node_bcrypt,
  key =          {node_bcrypt},
  title =        {bcrypt for NodeJs},
  howpublished = {
  \url{https://github.com/kelektiv/node.bcrypt.js}},
  year =         2010
}

@misc{gobi,
  title={Gobi: WebAssembly as a Practical Path to Library Sandboxing},
  author={Shravan Narayan and Tal Garfinkel and Sorin Lerner and Hovav Shacham 
  and Deian Stefan},
  year={2019},
  eprint={1912.02285},
  archivePrefix={arXiv},
  primaryClass={cs.CR}
}

%% P

@inproceedings{provos_openssh,
  title =        {Preventing Privilege Escalation},
  author =       {Provos, Niels and Friedl, Markus and Honeyman,
                  Peter},
  booktitle =    {Security},
  year =         2003,
  organization = {USENIX}
}

@Misc{nasm,
  author =       {H. Peter Anvin},
  title =        {NASM - The Netwide Assembler},
  howpublished = {\url{https://nasm.us/}},
}

%% Q

@InProceedings{libsec,
  title =        {Libsec: A Hardware Virtualization-Based Isolation
                  for Shared Library},
  author =       {Qiang, Weizhong and Cao, Yong and Dai, Weiqi and
                  Zou, Deqing and Jin, Hai and Liu, Benxi},
  booktitle =    {Proceedings of HPCC 2017},
  year =         2017,
  organization = {IEEE}
}

%% R

@inproceedings{reis-isolating,
  author =       {Reis, Charles and Gribble, Steven D.},
  title =        {Isolating {Web} Programs in Modern Browser
                  Architectures},
  booktitle =    {EuroSys},
  year =         2009,
  organization = {ACM}
}

@Article{rop,
  author =       {Ryan Roemer and Erik Buchanan and Hovav Shacham and
                  Stefan Savage},
  title =        {Return-Oriented Programming: Systems, Languages, and
                  Applications},
  journal =      {ACM Transactions on Information and System Security},
  year =         2012,
  volume =       15,
  number =       1,
}

@Misc{rlbox-sources,
  key =          {rlbox-sources},
  title =        {Root Repo for the {RLBox} Sandboxing Library Research 
  prototype},
  howpublished = {
  \url{https://github.com/shravanrn/LibrarySandboxing}},
  year =         2018
}

@Misc{rlbox-prod,
  key =          {rlbox-prod},
  title =        {Implementation of the {RLBox} sandboxing {APIs} in {C++} 17},
  howpublished = {\url{https://rlbox.dev}},
  year =         2019
}

%% S

@Comment this is a post-proceedings
@InProceedings{ibos,
  title =        {{IBOS}: A correct-by-construction modular browser},
  author =       {Sasse, Ralf and King, Samuel T and Meseguer,
                  Jos{\'e} and Tang, Shuo},
  booktitle =    {FACS},
  year =         2013,
  volume =       7684,
  organization = {Springer}
}

                

@article{c-strider,
  title =        {C-strider: type-aware heap traversal for {C}},
  author =       {Saur, Karla and Hicks, Michael and Foster, Jeffrey
                  S},
  journal =      {Software: Practice and Experience},
  volume =       46,
  number =       6,
  year =         2016,
  publisher =    {Wiley}
}

@InProceedings{schroeder-saltzer:rings:sosp71,
  author =       {Michael D. Schroeder and Jerome H. Saltzer},
  title =        {A Hardware Architecture for Implementing Protection
                  Rings},
  booktitle =    {Proceedings of SOSP 1971},
  year =         1971,
  organization = {ACM}
}

@inproceedings{double-fetch-hardware,
  author =       {Michael Schwarz and Daniel Gruss and Moritz Lipp and
                  Cl\'ementine Maurice and Thomas Schuster and Anders
                  Fogh and Stefan Mangard},
  title =        {Automated Detection, Exploitation, and Elimination
                  of Double-Fetch Bugs using Modern CPU Features},
  booktitle =    {AsiaCCS},
  year =         2018,
  organization = {ACM}
}

@InProceedings{sop,
  author =       {J{\"o}rg Schwenk and Marcus Niemietz and Christian
                  Mainka},
  title =        {Same Origin Policy: Evaluation in Modern Browsers},
  booktitle =    {Security},
  year =         2017,
  organization = {USENIX}
}

@Misc{minsfi,
  author =       {Mark Seaborn},
  title =        {Sandboxing Libraries in {Chrome} using {SFI}: {zlib}
                  Proof-of-Concept},
  howpublished = {
  \url{https://docs.google.com/presentation/d/1RD3bxsBfTZOIfrlq7HzGMsygPHgb61A1eTdelIYOurs/}},
  year =         2013
}

@inproceedings{cute,
  author =       {Sen, Koushik and Marinov, Darko and Agha, Gul},
  title =        {{CUTE}: A Concolic Unit Testing Engine for {C}},
  booktitle =    {Proceedings of FSE 2005},
  year =         2005,
  organization = {ACM}
}

@InProceedings{nacl-amd64,
  author =       {David Sehr and Robert Muth and Cliff Biffle and
                  Victor Khimenko and Egor Pasko and Karl Schimpf and
                  Bennet Yee and Brad Chen},
  title =        {Adapting Software Fault Isolation to Contemporary
                  {CPU} Architectures},
  booktitle =    {Security},
  year =         2010,
  organization = {USENIX}
}

@inproceedings{shacham-aslr,
  title =        {On the Effectiveness of Address-Space Randomization},
  author =       {Shacham, Hovav and Page, Matthew and Pfaff, Ben and
                  Goh, Eu-Jin and Modadugu, Nagendra and Boneh, Dan},
  booktitle =    {CCS},
  year =         2004,
  organization = {ACM}
}

@Article{shu-isolation-survey,
  author =       {Rui Shu and Peipei Wang and Gorski, III, Sigmund
                  A. and Benjamin Andow and Adwait Nadkarni and Luke
                  Deshotels and Jason Gionta and William Enck and
                  Xiaohui Gu},
  title =        {A Study of Security Isolation Techniques},
  journal =      {ACM Computing Surveys},
  year =         2016,
  volume =       49,
  number =       3,
}

@InProceedings{robusta,
  author =       {Joseph Siefers and Gang Tan and Greg Morrisett},
  title =        {Robusta: Taming the Native Beast of the {JVM}},
  booktitle =    {Proceedings of CCS 2010},
  year =         2010,
  organization = {ACM}
}

@article{misfit,
  title =        {{MiSFIT}: Constructing safe extensible systems},
  author =       {Small, Christopher and Seltzer, Margo},
  journal =      {IEEE concurrency},
  volume =       6,
  number =       3,
  year =         1998,
  publisher =    {IEEE}
}

@InProceedings{sanitization-survey,
  author =       {Dokyung Song and Julian Lettner and Prabhu
                  Rajasekaran and Yeoul Na and Stijn Volckaert and Per
                  Larsen and Michael Franz},
  title =        {{SoK}: Sanitizing for Security},
  booktitle =    {IEEE Security and Privacy 2019},
  year =         2019,
}

@InCollection{cpp_pl,
  author =       {Bjarne Stroustrup},
  booktitle =    {The {C}++ Programming Language},
  chapter =      13,
  title =        {Exception Handling (and {RAII})},
  publisher =    {Addison-Wesley},
  year =         2013,
  edition =      {4th},
}

@InProceedings{arabica,
  author =       {Sun, Mengtao and Tan, Gang},
  title =        {{JVM}-Portable Sandboxing of {Java}'s Native
                  Libraries},
  booktitle =    {Proceedings of ESORICS 2012},
  year =         2012,
  publisher =    {Springer},
  volume =       7459,
  series =       {LNCS}
}

@InProceedings{sun-tan:nativeguard:wisec14,
  author =       {Mengtao Sun and Gang Tan},
  title =        {{NativeGuard}: Protecting {Android} Applications
                  from Third-Party Native Libraries},
  booktitle =    {Proceedings of WiSec 2014},
  year =         2014,
  organization = {ACM}
}

@Article{robusta-arabica,
  author =       {Mengtao Sun and Gang Tan and Joseph Siefers and Bin
                  Zeng and Greg Morrisett},
  title =        {Bringing {Java}'s Wild Native World under Control},
  journal =      {ACM Transactions on Information and System Security},
  year =         2013,
  volume =       16,
  number =       3,
}

%% T

@Article{tan-sfi-survey,
  author =       {Gang Tan},
  title =        {Principles and Implementation Techniques of
                  Software-Based Fault Isolation},
  journal =      {Foundations and Trends in Privacy and Security},
  year =         2017,
  volume =       1,
  number =       3,
}

@Misc{theora-encoding,
  key =          {theora-encoding},
  title =        {A Brief {T}heora and {V}orbis Encoding Guide},
  howpublished = {
  \url{https://trac.ffmpeg.org/wiki/TheoraVorbisEncodingGuide}},
  year =         2019
}

%% V

@Misc{vp9-encoding,
  key   =        {vp9-encoding},
  title =        {{VP9} Bitrate Modes in Detail},
  howpublished = {
  \url{https://developers.google.com/media/vp9/bitrate-modes/}},
  year =         2019
}

@Misc{vpxbug,
  key =          {Bugzilla Bug 1192226},
  title =        {{Bug 1192226 (CVE-2015-4506) vp9 init context buffers}},
  howpublished = {
  \url{https://bugzilla.mozilla.org/show_bug.cgi?id=1192226}},
  year =         2015
}

@Misc{oggbug,
  key =          {Bugzilla Bug 1446062 },
  title =        {{Bug 1446062 (CVE-2018-5146) ZDI-CAN-5822 - Mozilla Firefox Audio Driver Out of Bounds}},
  howpublished = {
  \url{https://bugzilla.mozilla.org/show_bug.cgi?id=1446062}},
  year =         2018
}


@Book{sfinae,
  author =       {David Vandevoorde and Nocolai M. Josuttis},
  title =        {C++ Templates: The Complete Guide},
  publisher =    {Addison-Wesley Professional},
  year =         2002,
  edition =      {First}
}

@InProceedings{malloc-zero,
  title =        {Zero-sized Heap Allocations Vulnerability Analysis},
  author =       {Vanegue, Julien},
  booktitle =    {Proceedings of WOOT 2010},
  year =         2010,
  organization = {USENIX}
}

@InProceedings{vassena2016flexible,
  title =        {Flexible Manipulation of Labeled Values for
                  Information-Flow Control Libraries},
  author =       {Vassena, Marco and Buiras, Pablo and Waye, Lucas and
                  Russo, Alejandro},
  booktitle =    {Proceedings of ESORICS 2016},
  year =         2016,
  volume =       9878,
  series =       {LNCS},
  organization = {Springer}
}

@inproceedings{erim,
  title={{ERIM}: Secure, Efficient In-process Isolation with Protection Keys ({MPK})},
  author={Vahldiek-Oberwagner, Anjo and Elnikety, Eslam and Duarte, Nuno O and
    Sammler, Michael and Druschel, Peter and Garg, Deepak},
  booktitle={Security},
  year={2019},
  organization = {USENIX}
}

%% W

@InProceedings{wahbe-et-al:sfi:sosp93,
  author =       {Robert Wahbe and Steven Lucco and Thomas E. Anderson
                  and Susan L. Graham},
  title =        {Efficient Software-Based Fault Isolation},
  booktitle =    {SOSP},
  year =         1993,
  organization = {ACM}
}

@InProceedings{gazelle,
  author =       {Helen J. Wang and Chris Grier and Alexander Moshchuk
                  and Samuel T. King and Piali Choudhury and
                  Herman Venter},
  title =        {The Multi-Principal {OS} Construction of the
                  {Gazelle} Web Browser},
  booktitle =    {Security},
  year =         2009,
  publisher =    {USENIX}
}

@inproceedings{double-fetch-static-analysis,
  author =       {Wang, Pengfei and Krinke, Jens and Lu, Kai and Li,
                  Gen and Dodier-Lazaro, Steve},
  title =        {How Double-fetch Situations Turn into Double-fetch
                  Vulnerabilities: A Study of Double Fetches in the
                  Linux Kernel},
  booktitle =    {Security},
  year =         2017,
  organization = {USENIX}
}

@inproceedings{codejail,
  title =        {Codejail: Application-Transparent Isolation of
                  Libraries with Tight Program Interactions},
  author =       {Wu, Yongzheng and Sathyanarayan, Sai and Yap, Roland
                  H.C. and Liang, Zhenkai},
  booktitle =    {ESORICS},
  year =         2012,
  publisher =    {Springer},
  volume =       7459,
  series =       {LNCS}
}

%% X

@Misc{xiph-media,
  key =          {Xiph.org Test Media},
  title =        {Xiph.org Test Media},
  howpublished = {\url{https://media.xiph.org/}},
  year =         2019,
}

@inproceedings{xu2018precise,
  title =        {Precise and Scalable Detection of Double-Fetch Bugs
                  in {OS} Kernels},
  author =       {Xu, Meng and Qian, Chenxiong and Lu, Kangjie and
                  Backes, Michael and Kim, Taesoo},
  year =         2018,
  booktitle =    {S\&P},
  publisher =    {IEEE}
}

%% Y

@InProceedings{yang-et-al:dead-store:usec17,
  author =       {Zhaomo Yang and Brian Johannesmeyer and Andres Trier
                  Olesen and Sorin Lerner and Kirill Levchenko},
  title =        {Dead Store Elimination (Still) Considered Harmful},
  booktitle =    {Security},
  year =         2017,
  organization = {USENIX}
}

@inproceedings{nacl,
  title =        {{Native} {Client}: A Sandbox for Portable, Untrusted
                  {x86} Native Code},
  author =       {Yee, Bennet and Sehr, David and Dardyk, Gregory and
                  Chen, J Bradley and Muth, Robert and Ormandy, Tavis
                  and Okasaka, Shiki and Narula, Neha and Fullagar,
                  Nicholas},
  booktitle =    {S\&P},
  publisher =    {IEEE},
  year =         2009,
}

%% [end]

@misc{blind-sys,
  title = {{Sys}: a Static/Symbolic Tool for Finding Good Bugs in Very Good Code},
  author = {{---}},
  howpublished = {Anonymized for double blind}
}

@misc{blind-gsoc,
  title = {Toolkit for  sandboxing third-parties libraries in {F}irefox},
  author = {{---}},
  howpublished = {Anonymized for double blind}
}

@misc{ff-integration,
  title = {Use {Wasm} sandboxed libraries in {F}irefox to reduce attack 
  surface},
  author = {{Shravan Narayan}},
  howpublished = {
  \url{https://bugzilla.mozilla.org/show_bug.cgi?id=1562797}}
}

@misc{tor-integration,
  title = {Use {RLBox} for sandboxing third-party libraries},
  author = {{Georg Koppen}},
  howpublished = {
  \url{https://trac.torproject.org/projects/tor/ticket/32379}}
}

@inproceedings {site-isolation-usenix,
	author = {Charles Reis and Alexander Moshchuk and Nasko Oskov},
	title = {Site Isolation: Process Separation for Web Sites within the Browser},
  booktitle={{USENIX} Security Symposium},
	year = {2019},
	publisher = {{USENIX} Association},
}

@inproceedings{fuzzyfox,
  title={Trusted browsers for uncertain times},
  author={Kohlbrenner, David and Shacham, Hovav},
  booktitle={Security},
	publisher = {USENIX},
  year={2016}
}

@misc{extended,
  author    = {Shravan Narayan and Craig Disselkoen and Tal Garfinkel and Nathan Froyd and Eric Rahm and Sorin Lerner and Hovav Shacham and Deian Stefan},
  title     = {Retrofitting Fine Grain Isolation in the {F}irefox Renderer: Extended Version},
  year      = {2020},
  howpublished = {\url{https://arxiv.org/abs/2003.00572}}
}
